ISA*00*          *00*          *ZZ*EMPLOYER       *ZZ*INSURER        *210901*1200*^*00501*600000002*0*T*:~GS*RA*EMPLOYER*INSURER*20210901*1200*6001*X*005010X218~ST*820*0002*005010X218~BPR*I*7910.00*C*ACH*CCP*01*111111111*DA*1111*1234567890**01*222222222*DA*2222*20210901~TRN*1*PREMIT0002~N1*PR*ACME EMPLOYER GROUP*FI*991234567~N1*PE*BLUE SAMPLE INSURANCE*FI*880011223~ENT*1~NM1*IL*1*VANDERVORT-YUNDT*MAXWELL****34*190738571~RMR*1L*POL00001**250.00*250.00~DTM*582*20210901~ENT*1~NM1*IL*1*CRIST*JULIANA****34*418635973~RMR*1L*POL00002**250.00*250.00~DTM*582*20210901~ENT*1~NM1*IL*1*HAYES*OTTIS****34*699557163~RMR*1L*POL00003**510.00*510.00~DTM*582*20210901~ENT*1~NM1*IL*1*HEATHCOTE*HUBERT****34*177772827~RMR*1L*POL00004**425.00*425.00~DTM*582*20210901~ENT*1~NM1*IL*1*GRIMES-KIEHN*VERDIE****34*363277103~RMR*1L*POL00005**510.00*510.00~DTM*582*20210901~ENT*1~NM1*IL*1*CRIST*ANJALI****34*718527482~RMR*1L*POL00006**250.00*250.00~DTM*582*20210901~ENT*1~NM1*IL*1*CRIST-SCHMIDT*ROXANE****34*147430662~RMR*1L*POL00007**380.00*380.00~DTM*582*20210901~ENT*1~NM1*IL*1*LITTEL*MINA****34*845198369~RMR*1L*POL00008**250.00*250.00~DTM*582*20210901~ENT*1~NM1*IL*1*TRANTOW*MOLLY****34*537106412~RMR*1L*POL00009**675.00*675.00~DTM*582*20210901~ENT*1~NM1*IL*1*DICKI*CELESTINO****34*017124371~RMR*1L*POL00010**425.00*425.00~DTM*582*20210901~ENT*1~NM1*IL*1*HILLS*LAURIANNE****34*637767669~RMR*1L*POL00011**380.00*380.00~DTM*582*20210901~ENT*1~NM1*IL*1*NIENOW*BILLIE****34*186667808~RMR*1L*POL00012**380.00*380.00~DTM*582*20210901~ENT*1~NM1*IL*1*HAHN*MAVIS****34*147808909~RMR*1L*POL00013**380.00*380.00~DTM*582*20210901~ENT*1~NM1*IL*1*MCGLYNN*BERNICE****34*690755965~RMR*1L*POL00014**425.00*425.00~DTM*582*20210901~ENT*1~NM1*IL*1*LEDNER*BETH****34*473238707~RMR*1L*POL00015**425.00*425.00~DTM*582*20210901~ENT*1~NM1*IL*1*ARMSTRONG*WILLOW****34*295536830~RMR*1L*POL00016**425.00*425.00~DTM*582*20210901~ENT*1~NM1*IL*1*ROLFSON*SHERMAN****34*426995689~RMR*1L*POL00017**380.00*380.00~DTM*582*20210901~ENT*1~NM1*IL*1*GLEASON*DELFINA****34*409247959~RMR*1L*POL00018**510.00*510.00~DTM*582*20210901~ENT*1~NM1*IL*1*BECKER*EMERSON****34*619974395~RMR*1L*POL00019**250.00*250.00~DTM*582*20210901~ENT*1~NM1*IL*1*CRIST*SANTINA****34*953368045~RMR*1L*POL00020**380.00*380.00~DTM*582*20210901~SE*86*0002~GE*1*6001~IEA*1*600000002~
