ISA*00*          *00*          *ZZ*PAYER          *ZZ*PROVIDER       *210901*1200*^*00501*200000002*0*T*:~GS*HP*PAYER*PROVIDER*20210901*1200*2001*X*005010X221A1~ST*835*0002~BPR*I*2842.00*C*ACH*CCP*01*111111111*DA*1111*1234567890**01*222222222*DA*2222*20210901~TRN*1*EFT00029981*1999888777~DTM*405*20210901~N1*PR*BLUE SAMPLE INSURANCE~N1*PE*GOOD HEALTH CLINIC*XX*1234567890~LX*1~CLP*CLAIM00001*4*300.00*0.00*0.00*CI*8070269326*11~NM1*QC*1*KOSS-CASPER*TED****MI*925103958~SVC*HC:71046*150.00*0.00**1~DTM*472*20210515~CAS*CO*96*140.00~LQ*HE*N130~SVC*HC:85025*150.00*0.00**1~DTM*472*20211215~CAS*CO*96*150.00~LQ*HE*N362~CLP*CLAIM00002*99*250.00*0.00*0.00*BL*4884823156*11~NM1*QC*1*BRAUN*ELVIE****MI*099194263~SVC*HC:99396*250.00*0.00**1~DTM*472*20211215~CAS*CO*96*250.00~LQ*HE*N130~CLP*CLAIM00003*1*550.00*330.00*82.50*MB*6773080280*11~NM1*QC*1*KREIGER*DARRION****MI*311011076~SVC*HC:71046*300.00*180.00**1~DTM*472*20210315~CAS*CO*45*75.00~CAS*PR*2*45.00~SVC*HC:99396*250.00*150.00**1~DTM*472*20210815~CAS*CO*45*62.50~CAS*PR*2*37.50~CLP*CLAIM00004*1*200.00*120.00*30.00*HM*3281199113*11~NM1*QC*1*STAMM*KEON****MI*263319106~SVC*HC:99214*200.00*120.00**1~DTM*472*20210415~CAS*CO*45*50.00~CAS*PR*2*30.00~CLP*CLAIM00005*1*120.00*72.00*18.00*MB*1934043927*11~NM1*QC*1*WALTER*MARIANA****MI*021603470~SVC*HC:80053*120.00*72.00**1~DTM*472*20210515~CAS*CO*45*30.00~CAS*PR*2*18.00~CLP*CLAIM00006*1*240.00*144.00*36.00*BL*4633767480*11~NM1*QC*1*HINTZ*CANDELARIO****MI*436927796~SVC*HC:99213*120.00*72.00**1~DTM*472*20211015~CAS*CO*45*30.00~CAS*PR*2*18.00~SVC*HC:99203*120.00*72.00**1~DTM*472*20211115~CAS*CO*45*30.00~CAS*PR*2*18.00~CLP*CLAIM00007*1*500.00*300.00*75.00*MB*2731625854*11~NM1*QC*1*VONRUEDEN*JAYLAN****MI*296931712~SVC*HC:99213*200.00*120.00**1~DTM*472*20210415~CAS*CO*45*50.00~CAS*PR*2*30.00~SVC*HC:71046*300.00*180.00**1~DTM*472*20211215~CAS*CO*45*75.00~CAS*PR*2*45.00~CLP*CLAIM00008*1*300.00*180.00*45.00*BL*0736419965*11~NM1*QC*1*SCHULTZ*DESTINI****MI*272773395~SVC*HC:85025*300.00*180.00**1~DTM*472*20210515~CAS*CO*45*75.00~CAS*PR*2*45.00~CLP*CLAIM00009*1*350.00*210.00*52.50*CI*6219838258*11~NM1*QC*1*HARBER*THELMA****MI*778737724~SVC*HC:85025*200.00*120.00**1~DTM*472*20210415~CAS*CO*45*50.00~CAS*PR*2*30.00~SVC*HC:80053*150.00*90.00**1~DTM*472*20210215~CAS*CO*45*37.50~CAS*PR*2*22.50~CLP*CLAIM00010*1*160.00*96.00*24.00*MB*9816270191*11~NM1*QC*1*HAGENES*ELSIE****MI*312605239~SVC*HC:99203*80.00*48.00**1~DTM*472*20210315~CAS*CO*45*20.00~CAS*PR*2*12.00~SVC*HC:71046*80.00*48.00**1~DTM*472*20210615~CAS*CO*45*20.00~CAS*PR*2*12.00~CLP*CLAIM00011*1*500.00*300.00*75.00*BL*4498056228*11~NM1*QC*1*SPORER*AVERY****MI*063936036~SVC*HC:80053*200.00*120.00**1~DTM*472*20210415~CAS*CO*45*50.00~CAS*PR*2*30.00~SVC*HC:80053*300.00*180.00**1~DTM*472*20210515~CAS*CO*45*75.00~CAS*PR*2*45.00~CLP*CLAIM00012*4*330.00*0.00*0.00*CI*6578056050*11~NM1*QC*1*YUNDT*KATHARINA****MI*352188292~SVC*HC:99213*250.00*0.00**1~DTM*472*20211115~CAS*CO*96*250.00~LQ*HE*MA01~SVC*HC:99203*80.00*0.00**1~DTM*472*20211115~CAS*CO*96*80.00~LQ*HE*MA01~CLP*CLAIM00013*1*320.00*192.00*48.00*HM*2187319430*11~NM1*QC*1*POLLICH*ALYSHA****MI*582613607~SVC*HC:93000*120.00*72.00**1~DTM*472*20211215~CAS*CO*45*30.00~CAS*PR*2*18.00~SVC*HC:71046*200.00*120.00**1~DTM*472*20210215~CAS*CO*45*50.00~CAS*PR*2*30.00~CLP*CLAIM00014*4*150.00*0.00*0.00*BL*4015134818*11~NM1*QC*1*DONNELLY*ELTA****MI*412185188~SVC*HC:80053*150.00*0.00**1~DTM*472*20210415~CAS*CO*96*150.00~LQ*HE*N362~CLP*CLAIM00015*4*280.00*0.00*0.00*CI*3692428415*11~NM1*QC*1*HEIDENREICH*SUNNY****MI*337929051~SVC*HC:99396*200.00*0.00**1~DTM*472*20210615~CAS*CO*96*200.00~LQ*HE*N130~SVC*HC:85025*80.00*0.00**1~DTM*472*20210715~CAS*CO*96*80.00~LQ*HE*N362~CLP*CLAIM00016*1*270.00*162.00*40.50*MC*1401747246*11~NM1*QC*1*O'HARA*KAYLA****MI*819073781~SVC*HC:99203*150.00*90.00**1~DTM*472*20210115~CAS*CO*45*37.50~CAS*PR*2*22.50~SVC*HC:99203*120.00*72.00**1~DTM*472*20210315~CAS*CO*45*30.00~CAS*PR*2*18.00~CLP*CLAIM00017*4*400.00*0.00*0.00*HM*2446148834*11~NM1*QC*1*FEEST-BATZ*JUSTINE****MI*819731641~SVC*HC:99203*150.00*0.00**1~DTM*472*20210315~CAS*CO*96*150.00~LQ*HE*N362~SVC*HC:99213*250.00*0.00**1~DTM*472*20210215~CAS*CO*96*250.00~LQ*HE*N130~CLP*CLAIM00018*4*380.00*0.00*0.00*MB*9592664551*11~NM1*QC*1*WALTER-STROSIN*DORTHY****MI*938988927~SVC*HC:80053*80.00*0.00**1~DTM*472*20210715~CAS*CO*96*80.00~LQ*HE*MA01~SVC*HC:99396*300.00*0.00**1~DTM*472*20210715~CAS*CO*96*300.00~LQ*HE*N362~CLP*CLAIM00019*1*450.00*270.00*67.50*CI*3460308281*11~NM1*QC*1*WATSICA*MARIBEL****MI*674936216~SVC*HC:85025*200.00*120.00**1~DTM*472*20210715~CAS*CO*45*50.00~CAS*PR*2*30.00~SVC*HC:99203*250.00*150.00**1~DTM*472*20210615~CAS*CO*45*62.50~CAS*PR*2*37.50~CLP*CLAIM00020*4*450.00*0.00*0.00*MC*2220544157*11~NM1*QC*1*LANG*MICHEL****MI*801143040~SVC*HC:99214*300.00*0.00**1~DTM*472*20210415~CAS*CO*96*300.00~LQ*HE*MA01~SVC*HC:99214*150.00*0.00**1~DTM*472*20210915~CAS*CO*96*150.00~LQ*HE*MA01~CLP*CLAIM00021*1*80.00*48.00*12.00*BL*4420839142*11~NM1*QC*1*BLICK*DARBY****MI*176062576~SVC*HC:99213*80.00*48.00**1~DTM*472*20210815~CAS*CO*45*20.00~CAS*PR*2*12.00~CLP*CLAIM00022*1*250.00*150.00*37.50*BL*5935072240*11~NM1*QC*1*ROMAGUERA*JUANA****MI*289138947~SVC*HC:99203*250.00*150.00**1~DTM*472*20210815~CAS*CO*45*62.50~CAS*PR*2*37.50~CLP*CLAIM00023*4*450.00*0.00*0.00*MB*5642918152*11~NM1*QC*1*BODE-HODKIEWICZ*THERON****MI*282275297~SVC*HC:99214*250.00*0.00**1~DTM*472*20210315~CAS*CO*96*250.00~LQ*HE*M15~SVC*HC:85025*200.00*0.00**1~DTM*472*20210215~CAS*CO*96*200.00~LQ*HE*N362~CLP*CLAIM00024*1*80.00*48.00*12.00*MB*5923231818*11~NM1*QC*1*ZULAUF*SARINA****MI*893324437~SVC*HC:99213*80.00*48.00**1~DTM*472*20211015~CAS*CO*45*20.00~CAS*PR*2*12.00~CLP*CLAIM00025*1*200.00*120.00*30.00*MB*8885288805*11~NM1*QC*1*MULLER-LARSON*MICHAEL****MI*545497392~SVC*HC:99213*200.00*120.00**1~DTM*472*20210315~CAS*CO*45*50.00~CAS*PR*2*30.00~SE*222*0002~GE*1*2001~IEA*1*200000002~
